@article{chertkov2011,
	title = {Predicting Failures in Power Grids: The Case of Static Overloads},
	volume = {2},
	issn = {1949-3053},
	shorttitle = {Predicting Failures in Power Grids},
	doi = {10.1109/TSG.2010.2090912},
	number = {1},
	journal = {{IEEE} Transactions on Smart Grid},
	author = {Chertkov, Michael and Pan, Feng and Stepanov, M.G.},
	month = mar,
	year = {2011},
	pages = {162--172}
}

@inproceedings{chertkov2011a,
	title = {Exact and efficient algorithm to discover extreme stochastic events in wind generation over transmission Power Grids},
	doi = {10.1109/CDC.2011.6160669},
	booktitle = {Proc. 2011 50th {IEEE} Conference on Decision and Control and European Control Conference ({CDC}-{ECC})},
	author = {Chertkov, Michael and Stepanov, M. and Pan, Feng and Baldick, R.},
	year = {2011},
	keywords = {Algorithm design and analysis, Generators, Minimization, power grids, Probabilistic logic, stochastic processes, Wind forecasting},
	pages = {2174--2180}
}

@book{grainger1994,
	address = {New York},
	series = {{McGraw}-Hill series in electrical and computer engineering},
	title = {Power system analysis},
	isbn = {0070612935},
	publisher = {{McGraw}-Hill},
	author = {Grainger, John J.},
	collaborator = {Stevenson, William D. and Stevenson, William D.},
	year = {1994},
	keywords = {Electric power distribution, Electric power systems}
}

@article{grigg1999,
	title = {The {IEEE} Reliability Test System-1996. A report prepared by the Reliability Test System Task Force of the Application of Probability Methods Subcommittee},
	volume = {14},
	issn = {0885-8950},
	doi = {10.1109/59.780914},
	number = {3},
	journal = {{IEEE} Transactions on Power Systems},
	author = {Grigg, C. and Wong, P. and Albrecht, P. and Allan, R. and Bhavaraju, M. and Billinton, R. and Chen, Q. and Fong, C. and Haddad, S. and Kuruganty, S. and Li, W. and Mukerji, R. and Patton, D. and Rau, N. and Reppen, D. and Schneider, A. and Shahidehpour, M. and Singh, C.},
	month = aug,
	year = {1999},
	pages = {1010--1020}
}